@article{example,
  title={Exemplo de ReferÃªncia},
  author={Autor, Nome},
  journal={Jornal Exemplo},
  year={2023}
}

